%!TEX root = stokes_paper.tex

@article{brubeck19,
	title={{Vandermonde with Arnoldi}},
	author={Brubeck, P. D. and Nakatsukasa, Y. and Trefethen, L. N.},
	journal={arXiv preprint arXiv:1911.09988},
	year={2019}
}

@book{carrier05, 
	place={Philadelphia}, 
	title={{Functions of a Complex Variable: Theory and Technique}}, 
	publisher={SIAM}, 
	author={Carrier, G. F. and Krook, M. and Pearson, C. E.}, 
	year={2005}
}


@article{finn03,
	author = {Finn, M. D.  and Cox, S. M.  and Byrne, H. M. },
	title = {{Chaotic advection in a braided pipe mixer}},
	journal = {Phys Fluids},
	volume = {15},
	number = {11},
	pages = {L77-L80},
	year = {2003},
	doi = {10.1063/1.1616555},	
}

@article{gaskell98,
	title = {{Stokes flow in closed, rectangular domains}},
	journal = "Appl Math Model",
	volume = "22",
	number = "9",
	pages = "727 - 743",
	year = "1998",
	issn = "0307-904X",
	doi = "https://doi.org/10.1016/S0307-904X(98)10060-4",
	url = "http://www.sciencedirect.com/science/article/pii/S0307904X98100604",
	author = {P. H. Gaskell and M. D. Savage and J. L. Summers and H. M. Thompson},
}

@article {gopal19new,
	author = {Gopal, A. and Trefethen, L. N.},
	title = {{New Laplace and Helmholtz solvers}},
	volume = {116},
	number = {21},
	pages = {10223--10225},
	year = {2019},
	doi = {10.1073/pnas.1904139116},
	publisher = {National Academy of Sciences},
	issn = {0027-8424},
	URL = {https://www.pnas.org/content/116/21/10223},
	eprint = {https://www.pnas.org/content/116/21/10223.full.pdf},
	journal = {Proc Natl Acad Sci}
}

@article{gopal19,
	title={{Solving Laplace problems with corner singularities via rational functions}},
	author={Gopal, A. and Trefethen, L. N.},
	journal={{SIAM J on Numer Anal}},
	volume={57},
	number={5},
	pages={2074--2094},
	year={2019},
	publisher={SIAM}
}

@article{goursat98,
	title={{Sur l’{\'e}quation $\Delta\Delta u= 0$}},
	author={Goursat, E.},
	journal={{Bull Soc Math France}},
	volume={26},
	number={236-237},
	pages={3},
	year={1898}
}

@article{luca18,
	title={{A transform method for the biharmonic equation in multiply connected circular domains}},
	author={Luca, E. and Crowdy, D. G},
	journal={{IMA J of Appl Math}},
	volume={83},
	number={6},
	pages={942--976},
	year={2018},
	publisher={{Oxford University Press}}
}


@article{moffatt64,
	title={{Viscous and resistive eddies near a sharp corner}},
	author={Moffatt, H. K.},
	journal={J Fluid Mech},
	volume={18},
	number={1},
	pages={1--18},
	year={1964},
	publisher={{Cambridge University Press}}
}

@article{musk19,
	title={{Sur l'integration de l'equation biharmonique}},
	author={Muskhelishvili, N. I.},
	journal={{Bull de l'Acad Sci Russie}},
	volume={13},
	number={6},
	pages={663--686},
	year={1919}
}

@book{musk77,
	title={{Some Basic Problems of the Mathematical Theory of Elasticity}},
	author={Muskhelishvili, N. I.},
	year={1977},
	publisher={Springer}
}

@article{newman64,
	title={{Rational approximation to $|x|$}},
	author={Newman, D. J.},
	journal={{Michigan Math J}},
	volume={11},
	number={1},
	pages={11--14},
	year={1964},
	publisher={The University of Michigan}
}

@book{ockendon95,
	title={{Viscous Flow}},
	author={Ockendon, H. and Ockendon, J. R.},
	volume={13},
	year={1995},
	publisher={Cambridge University Press}
}

@article{taneda79,
	title={{Visualization of separating Stokes flows}},
	author={Taneda, S.},
	journal={J Phys Soc Japan},
	volume={46},
	number={6},
	pages={1935--1942},
	year={1979},
	publisher={The Physical Society of Japan}
}

@book{vandyke82,
	title={{An Album of Fluid Motion}},
	author={Van Dyke, M.},
	year={1982},
	publisher={Parabolic Press Stanford}
}


@misc{tref20,
	title={{Lightning Laplace code $\texttt{laplace.m}$}},
	author={Trefethen, L. N.},
	year={2020},
	howpublished={\url{people.maths.ox.ac.uk/trefethen/laplace}},
}

@article{dean49, 
	title={On the steady motion of viscous liquid in a corner},
	 volume={45}, DOI={10.1017/S0305004100025019}, 
	 number={3}, 
	 journal={Math Proc Cambridge Phil Soc}, 
	 publisher={Cambridge University Press}, 
	 author={Dean, W. R. and Montagnon, P. E.}, 
	 year={1949}, 
	 pages={389–394}
 }